<record><leader>00000cas a2200000 a 4500</leader><controlfield tag="001">27018673</controlfield><controlfield tag="008">921123d19191970iluwr ne      0   a0eng c</controlfield><datafield ind1=" " ind2=" " tag="010"><subfield code="a">sn 92053413 </subfield></datafield><datafield ind1=" " ind2=" " tag="040"><subfield code="a">NVF</subfield><subfield code="b">eng</subfield><subfield code="c">NVF</subfield><subfield code="d">OCLCQ</subfield><subfield code="d">CVF</subfield><subfield code="d">NVF</subfield><subfield code="d">OCLCQ</subfield><subfield code="d">OCLCF</subfield><subfield code="d">NVF</subfield><subfield code="d">OCLCO</subfield></datafield><datafield ind1="1" ind2=" " tag="029"><subfield code="a">AU@</subfield><subfield code="b">000020744144</subfield></datafield><datafield ind1=" " ind2=" " tag="042"><subfield code="a">pcc</subfield></datafield><datafield ind1=" " ind2=" " tag="043"><subfield code="a">n-us-il</subfield></datafield><datafield ind1="0" ind2=" " tag="130"><subfield code="a">Genoa Republican (Genoa, Ill. : 1919)</subfield></datafield><datafield ind1="1" ind2="4" tag="245"><subfield code="a">The Genoa Republican.</subfield></datafield><datafield ind1="1" ind2="7" tag="246"><subfield code="a">Genoa Republican-journal</subfield><subfield code="f">May 16, 1919-Oct. 8, 1920</subfield></datafield><datafield ind1="3" ind2=" " tag="246"><subfield code="a">Genoa Republican journal</subfield></datafield><datafield ind1=" " ind2=" " tag="260"><subfield code="a">Genoa, Ill. :</subfield><subfield code="b">[s.n.],</subfield><subfield code="c">1919-1970.</subfield></datafield><datafield ind1=" " ind2=" " tag="300"><subfield code="a">v.</subfield></datafield><datafield ind1=" " ind2=" " tag="310"><subfield code="a">Weekly</subfield></datafield><datafield ind1="0" ind2=" " tag="362"><subfield code="a">Vol. 14, no. 30 (May 16, 1919)-v. 65, no. 25 (Apr. 15, 1970).</subfield></datafield><datafield ind1=" " ind2=" " tag="580"><subfield code="a">Merged with: True Republican (Sycamore, Ill. : 1873), and: Kirkland journal, to form: DeKalb County journal.</subfield></datafield><datafield ind1=" " ind2="0" tag="651"><subfield code="a">Genoa (Ill.)</subfield><subfield code="v">Newspapers.</subfield></datafield><datafield ind1=" " ind2="7" tag="651"><subfield code="a">Illinois</subfield><subfield code="z">Genoa.</subfield><subfield code="2">fast</subfield><subfield code="0">(OCoLC)fst01217644</subfield></datafield><datafield ind1=" " ind2="7" tag="655"><subfield code="a">Newspapers.</subfield><subfield code="2">fast</subfield><subfield code="0">(OCoLC)fst01423814</subfield></datafield><datafield ind1=" " ind2=" " tag="752"><subfield code="a">United States</subfield><subfield code="b">Illinois</subfield><subfield code="c">De Kalb</subfield><subfield code="d">Genoa.</subfield></datafield><datafield ind1="0" ind2="0" tag="780"><subfield code="t">Genoa Republican-journal</subfield><subfield code="w">(DLC)sn 92053412</subfield><subfield code="w">(OCoLC)27018566</subfield></datafield><datafield ind1="1" ind2="7" tag="785"><subfield code="t">True Republican (Sycamore, Ill. : 1873)</subfield><subfield code="w">(DLC)sn 82006872</subfield><subfield code="w">(OCoLC)8821780</subfield></datafield><datafield ind1="1" ind2="7" tag="785"><subfield code="t">Kirkland journal</subfield></datafield><datafield ind1="1" ind2="7" tag="785"><subfield code="t">DeKalb County journal</subfield><subfield code="w">(DLC)sn 92053415</subfield><subfield code="w">(OCoLC)27019128</subfield></datafield></record>